@book{wooldridge2010econometric,
  title={Econometric analysis of cross section and panel data},
  author={Wooldridge, Jeffrey M},
  year={2010},
  publisher={MIT press}
}

@article{Heyes.2019,
 author = {Heyes, Anthony and Saberian, Soodeh},
 year = {2019},
 title = {Temperature and Decisions: Evidence from 207,000 Court Cases},
 pages = {238--265},
 volume = {11},
 number = {2},
 issn = {1945-7782},
 journal = {American Economic Journal: Applied Economics},
 doi = {10.1257/app.20170223}
}


@article{Gavresi.2021,
 author = {Gavresi, Despina and Litina, Anastasia and Makridis, Christos},
 year = {2021},
 title = {Split Personalities? Behavioral Effects of Temperature on Financial Decision-making},
 journal = {SSRN Electronic Journal},
 doi = {10.2139/ssrn.3824341}
}

@article{Chen.2020,
 abstract = {Building and Environment, 186 (2020) 107372. doi:10.1016/j.buildenv.2020.107372},
 author = {Chen, Yuyan and Tao, Meihui and Liu, Weiwei},
 year = {2020},
 title = {High temperature impairs cognitive performance during a moderate intensity activity},
 keywords = {Cognitive performance;High temperature;Moderate-intensity activity;Thermal comfort},
 pages = {107372},
 volume = {186},
 issn = {03601323},
 journal = {Building and Environment},
 doi = {10.1016/j.buildenv.2020.107372},
 file = {27ebaec5-329f-4a4a-aaf0-c08b6c9a25bd:C\:\\Users\\user\\AppData\\Local\\Swiss Academic Software\\Citavi 6\\ProjectCache\\salq3g689mwoxw41xlf15dzkbccsamryv0hs9\\Citavi Attachments\\27ebaec5-329f-4a4a-aaf0-c08b6c9a25bd.pdf:pdf}
}


@article{Hadi.2019,
 abstract = {Journal of the Association for Consumer Research 2019.4:102-114},
 author = {Hadi, Rhonda and Block, Lauren},
 year = {2019},
 title = {Warm Hearts and Cool Heads: Uncomfortable Temperature Influences Reliance on Affect in Decision-Making},
 pages = {102--114},
 volume = {4},
 number = {2},
 issn = {2378-1815},
 journal = {Journal of the Association for Consumer Research},
 doi = {10.1086/701820},
 file = {70af6557-4be4-4c90-b460-0f27faea202e:C\:\\Users\\user\\AppData\\Local\\Swiss Academic Software\\Citavi 6\\ProjectCache\\salq3g689mwoxw41xlf15dzkbccsamryv0hs9\\Citavi Attachments\\70af6557-4be4-4c90-b460-0f27faea202e.pdf:pdf}
}

@article{Stevens.2021,
 abstract = {Environment and Behavior 2021.53:787-805},
 author = {Stevens, Heather R. and Graham, Petra L. and Beggs, Paul J. and Hanigan, Ivan C.},
 year = {2021},
 title = {In Cold Weather We Bark, But in Hot Weather We Bite: Patterns in Social Media Anger, Aggressive Behavior, and Temperature},
 keywords = {anger;assault;emotion;Heat hypothesis;Twitter},
 pages = {787--805},
 volume = {53},
 number = {7},
 issn = {0013-9165},
 journal = {Environment and Behavior},
 doi = {10.1177/0013916520937455},
 file = {31f2f6c5-7d66-40b6-a230-6501e1c7109c:C\:\\Users\\user\\AppData\\Local\\Swiss Academic Software\\Citavi 6\\ProjectCache\\salq3g689mwoxw41xlf15dzkbccsamryv0hs9\\Citavi Attachments\\31f2f6c5-7d66-40b6-a230-6501e1c7109c.pdf:pdf}
}

@article{Ryan.2020,
 abstract = {European Journal of Law and Economics, https://doi.org/10.1007/s10657-020-09646-6},
 author = {Ryan, Matt E.},
 year = {2020},
 title = {The heat: temperature, police behavior and the enforcement of law},
 keywords = {Enforcement of law;Heat hypothesis;Traffic stops},
 pages = {187--203},
 volume = {49},
 number = {2},
 issn = {0929-1261},
 journal = {European Journal of Law and Economics},
 doi = {10.1007/s10657-020-09646-6},
 file = {ac0c067c-8916-434c-9fe2-2f9b79a6c8e1:C\:\\Users\\user\\AppData\\Local\\Swiss Academic Software\\Citavi 6\\ProjectCache\\salq3g689mwoxw41xlf15dzkbccsamryv0hs9\\Citavi Attachments\\ac0c067c-8916-434c-9fe2-2f9b79a6c8e1.pdf:pdf}
}


@article{Stroom.2021,
 author = {Stroom, Martijn and Kok, Nils and Strobel, Martin and Eichholtz, Piet},
 year = {2021},
 title = {Turning Up the Heat: The Impact of Indoor Temperature on Cognitive Processes and the Validity of Self-Report},
 journal = {SSRN Electronic Journal},
 doi = {10.2139/ssrn.3822265}
}


@article{Liu.2020,
 abstract = {Cognitive Research: Principles and Implications, https://doi.org/10.1186/s41235-020-00261-2},
 author = {Liu, Huanxu and Yang, Jingwen and Yamada, Yuki},
 year = {2020},
 title = {Heat and fraud: evaluating how room temperature influences fraud likelihood},
 keywords = {Cheating;Fraud;Physical environment;temperature;Unethical behavior;Warmth},
 volume = {5},
 number = {1},
 journal = {Cognitive Research: Principles and Implications},
 doi = {10.1186/s41235-020-00261-2},
 file = {422d9afd-6ed1-4579-aed7-446e88078841:C\:\\Users\\user\\AppData\\Local\\Swiss Academic Software\\Citavi 6\\ProjectCache\\salq3g689mwoxw41xlf15dzkbccsamryv0hs9\\Citavi Attachments\\422d9afd-6ed1-4579-aed7-446e88078841.pdf:pdf}
}

@article{Evans.2021,
  title={The Effect of Outside Temperature on Criminal Court Sentencing Decisions},
  author={Evans, Sally and Siminski, Peter},
  year={2021},
  publisher={University of Canterbury}
}

@article{Spamann.2020,
 author = {{Holger Spamann}},
 year = {2020},
 title = {No, Judges Are Not Influenced by Outdoor Temperature (Or Other Weather): Comment}
}